<?xml version="1.0" encoding="UTF-8"?><collection xmlns="http://www.loc.gov/MARC21/slim"><record><leader>00407nam--2200121-i-4500</leader><controlfield tag="001">000049957</controlfield><controlfield tag="002">20161230</controlfield><controlfield tag="005">20161230201047</controlfield><controlfield tag="008">060222s1000------------r-----000-0-eng-d</controlfield><datafield ind1=" " ind2=" " tag="100"><subfield code="a">Babulevich,E.N.,Riazancev,E.P.,Goncharov,V.V</subfield></datafield><datafield ind1=" " ind2=" " tag="245"><subfield code="a">Ispytanie teplovydeliaiucih elementov dlia issledovatelskih reaktorov vvr-2,vvr-s i irt</subfield></datafield><datafield ind1=" " ind2=" " tag="260"><subfield code="a">Moskva, Inst.Atomnoi Energii An Sssr,1960. 19 S.+ 7 Ris</subfield></datafield><datafield ind1=" " ind2=" " tag="852"><subfield code="a">6967</subfield></datafield></record></collection>